<record><leader>00000cas a22000007a 4500</leader><controlfield tag="001">17237234</controlfield><controlfield tag="008">871214d18721872ohudn ne      0    0eng d</controlfield><datafield ind1=" " ind2=" " tag="010"><subfield code="a">sn 87076915 </subfield></datafield><datafield ind1=" " ind2=" " tag="040"><subfield code="a">ONP</subfield><subfield code="b">eng</subfield><subfield code="c">ONP</subfield><subfield code="d">OCLCQ</subfield></datafield><datafield ind1=" " ind2=" " tag="042"><subfield code="a">msc</subfield></datafield><datafield ind1="0" ind2="0" tag="245"><subfield code="a">Springfield daily republic and advertiser.</subfield></datafield><datafield ind1=" " ind2=" " tag="260"><subfield code="a">Springfield, O. [Ohio] :</subfield><subfield code="b">Republic Print. Co.,</subfield><subfield code="c">1872.</subfield></datafield><datafield ind1=" " ind2=" " tag="300"><subfield code="a">v.</subfield></datafield><datafield ind1=" " ind2=" " tag="310"><subfield code="a">Daily (except Sun.)</subfield></datafield><datafield ind1="0" ind2=" " tag="362"><subfield code="a">Vol. 16, no. 279 (Nov. 23, 1872)-v. 16, no. 309 (Dec. 31, 1872).</subfield></datafield><datafield ind1=" " ind2="4" tag="651"><subfield code="a">Springfield (Ohio)</subfield><subfield code="v">Newspapers.</subfield></datafield><datafield ind1=" " ind2="4" tag="651"><subfield code="a">Clark County (Ohio)</subfield><subfield code="v">Newspapers.</subfield></datafield><datafield ind1=" " ind2=" " tag="752"><subfield code="a">United States</subfield><subfield code="b">Ohio</subfield><subfield code="c">Clark</subfield><subfield code="d">Springfield.</subfield></datafield><datafield ind1="0" ind2=" " tag="775"><subfield code="t">Springfield weekly republic (Springfield, Ohio : 1866)</subfield><subfield code="w">(DLC)sn 83035410</subfield></datafield><datafield ind1="0" ind2=" " tag="775"><subfield code="t">Springfield tri-weekly republic (Springfield, Ohio : 1866)</subfield><subfield code="w">(DLC)sn 87076992</subfield></datafield><datafield ind1="0" ind2="4" tag="780"><subfield code="t">Springfield daily republic (Springfield, Ohio : 1866)</subfield><subfield code="w">(DLC)sn 83035408</subfield></datafield><datafield ind1="0" ind2="4" tag="780"><subfield code="t">Springfield daily advertiser</subfield><subfield code="w">(DLC)sn 83035409</subfield></datafield><datafield ind1="0" ind2="0" tag="785"><subfield code="t">Springfield daily republic (Springfield, Ohio : 1873)</subfield><subfield code="w">(DLC)sn 85026267</subfield></datafield><datafield ind1="1" ind2=" " tag="029"><subfield code="a">AU@</subfield><subfield code="b">000025802740</subfield></datafield></record>